%YAML 1.1
%TAG !u! tag:unity3d.com,2011:
--- !u!1 &1917147222430107403
GameObject:
  m_ObjectHideFlags: 0
  m_CorrespondingSourceObject: {fileID: 0}
  m_PrefabInstance: {fileID: 0}
  m_PrefabAsset: {fileID: 0}
  serializedVersion: 6
  m_Component:
  - component: {fileID: 1917147222430107412}
  - component: {fileID: 1917147222430107411}
  - component: {fileID: 1917147222430107410}
  - component: {fileID: 1917147222430107408}
  - component: {fileID: 1917147222430107414}
  - component: {fileID: 1917147222430107422}
  - component: {fileID: 1917147222430107423}
  - component: {fileID: 1917147222430107421}
  - component: {fileID: 7210752474005819895}
  m_Layer: 0
  m_Name: P1Cube
  m_TagString: PickupItem
  m_Icon: {fileID: 0}
  m_NavMeshLayer: 0
  m_StaticEditorFlags: 0
  m_IsActive: 1
--- !u!4 &1917147222430107412
Transform:
  m_ObjectHideFlags: 0
  m_CorrespondingSourceObject: {fileID: 0}
  m_PrefabInstance: {fileID: 0}
  m_PrefabAsset: {fileID: 0}
  m_GameObject: {fileID: 1917147222430107403}
  m_LocalRotation: {x: -0, y: -0, z: -0, w: 1}
  m_LocalPosition: {x: 8.37, y: -3.11, z: 9.14}
  m_LocalScale: {x: 0.5, y: 0.5, z: 0.5}
  m_Children:
  - {fileID: 5709840935565598140}
  m_Father: {fileID: 0}
  m_RootOrder: 0
  m_LocalEulerAnglesHint: {x: 0, y: 0, z: 0}
--- !u!114 &1917147222430107411
MonoBehaviour:
  m_ObjectHideFlags: 0
  m_CorrespondingSourceObject: {fileID: 0}
  m_PrefabInstance: {fileID: 0}
  m_PrefabAsset: {fileID: 0}
  m_GameObject: {fileID: 1917147222430107403}
  m_Enabled: 1
  m_EditorHideFlags: 0
  m_Script: {fileID: 11500000, guid: 9b91ecbcc199f4492b9a91e820070131, type: 3}
  m_Name: 
  m_EditorClassIdentifier: 
  sceneId: 0
  serverOnly: 0
  visible: 0
  m_AssetId: 78e72a17ed13cb04d98d15daacabd429
  hasSpawned: 0
--- !u!114 &1917147222430107410
MonoBehaviour:
  m_ObjectHideFlags: 0
  m_CorrespondingSourceObject: {fileID: 0}
  m_PrefabInstance: {fileID: 0}
  m_PrefabAsset: {fileID: 0}
  m_GameObject: {fileID: 1917147222430107403}
  m_Enabled: 1
  m_EditorHideFlags: 0
  m_Script: {fileID: 11500000, guid: 2f74aedd71d9a4f55b3ce499326d45fb, type: 3}
  m_Name: 
  m_EditorClassIdentifier: 
  syncMode: 0
  syncInterval: 0.1
  clientAuthority: 1
  sendInterval: 0.05
  syncPosition: 1
  syncRotation: 1
  syncScale: 0
  interpolatePosition: 1
  interpolateRotation: 1
  interpolateScale: 0
  bufferTimeMultiplier: 1
  bufferSizeLimit: 64
  catchupThreshold: 4
  catchupMultiplier: 0.1
  onlySyncOnChange: 1
  bufferResetMultiplier: 5
  positionSensitivity: 0.01
  rotationSensitivity: 0.01
  scaleSensitivity: 0.01
  showGizmos: 0
  showOverlay: 0
  overlayColor: {r: 0, g: 0, b: 0, a: 0.5}
--- !u!65 &1917147222430107408
BoxCollider:
  m_ObjectHideFlags: 0
  m_CorrespondingSourceObject: {fileID: 0}
  m_PrefabInstance: {fileID: 0}
  m_PrefabAsset: {fileID: 0}
  m_GameObject: {fileID: 1917147222430107403}
  m_Material: {fileID: 0}
  m_IsTrigger: 0
  m_Enabled: 1
  serializedVersion: 2
  m_Size: {x: 1, y: 1, z: 1}
  m_Center: {x: 0, y: 0, z: 0}
--- !u!54 &1917147222430107414
Rigidbody:
  m_ObjectHideFlags: 0
  m_CorrespondingSourceObject: {fileID: 0}
  m_PrefabInstance: {fileID: 0}
  m_PrefabAsset: {fileID: 0}
  m_GameObject: {fileID: 1917147222430107403}
  serializedVersion: 2
  m_Mass: 1
  m_Drag: 0
  m_AngularDrag: 0.05
  m_UseGravity: 0
  m_IsKinematic: 0
  m_Interpolate: 0
  m_Constraints: 0
  m_CollisionDetection: 0
--- !u!114 &1917147222430107422
MonoBehaviour:
  m_ObjectHideFlags: 0
  m_CorrespondingSourceObject: {fileID: 0}
  m_PrefabInstance: {fileID: 0}
  m_PrefabAsset: {fileID: 0}
  m_GameObject: {fileID: 1917147222430107403}
  m_Enabled: 1
  m_EditorHideFlags: 0
  m_Script: {fileID: 11500000, guid: f28878a621a60d6448ff270a70e3a286, type: 3}
  m_Name: 
  m_EditorClassIdentifier: 
--- !u!114 &1917147222430107423
MonoBehaviour:
  m_ObjectHideFlags: 0
  m_CorrespondingSourceObject: {fileID: 0}
  m_PrefabInstance: {fileID: 0}
  m_PrefabAsset: {fileID: 0}
  m_GameObject: {fileID: 1917147222430107403}
  m_Enabled: 1
  m_EditorHideFlags: 0
  m_Script: {fileID: 11500000, guid: 9589084b5c393dd4e9e71ca16ff3afb7, type: 3}
  m_Name: 
  m_EditorClassIdentifier: 
  syncMode: 0
  syncInterval: 0.1
  interactable: 0
  playerIndicator: {fileID: 0}
  destination: {fileID: 0}
--- !u!114 &1917147222430107421
MonoBehaviour:
  m_ObjectHideFlags: 0
  m_CorrespondingSourceObject: {fileID: 0}
  m_PrefabInstance: {fileID: 0}
  m_PrefabAsset: {fileID: 0}
  m_GameObject: {fileID: 1917147222430107403}
  m_Enabled: 1
  m_EditorHideFlags: 0
  m_Script: {fileID: 11500000, guid: 73d064fd77ec11040af99b165e7b1c6d, type: 3}
  m_Name: 
  m_EditorClassIdentifier: 
  syncMode: 0
  syncInterval: 0.1
--- !u!114 &7210752474005819895
MonoBehaviour:
  m_ObjectHideFlags: 0
  m_CorrespondingSourceObject: {fileID: 0}
  m_PrefabInstance: {fileID: 0}
  m_PrefabAsset: {fileID: 0}
  m_GameObject: {fileID: 1917147222430107403}
  m_Enabled: 1
  m_EditorHideFlags: 0
  m_Script: {fileID: 11500000, guid: 4650009ba67bed64d9feae11533e2841, type: 3}
  m_Name: 
  m_EditorClassIdentifier: 
  player: 0
  level: 0
--- !u!1001 &5239893538763864663
PrefabInstance:
  m_ObjectHideFlags: 0
  serializedVersion: 2
  m_Modification:
    m_TransformParent: {fileID: 1917147222430107412}
    m_Modifications:
    - target: {fileID: -8679921383154817045, guid: 996b44e5e58c7e94ea9abd452bfb3d46, type: 3}
      propertyPath: m_RootOrder
      value: 0
      objectReference: {fileID: 0}
    - target: {fileID: -8679921383154817045, guid: 996b44e5e58c7e94ea9abd452bfb3d46, type: 3}
      propertyPath: m_LocalScale.x
      value: 0.24
      objectReference: {fileID: 0}
    - target: {fileID: -8679921383154817045, guid: 996b44e5e58c7e94ea9abd452bfb3d46, type: 3}
      propertyPath: m_LocalScale.y
      value: 0.24
      objectReference: {fileID: 0}
    - target: {fileID: -8679921383154817045, guid: 996b44e5e58c7e94ea9abd452bfb3d46, type: 3}
      propertyPath: m_LocalScale.z
      value: 0.24
      objectReference: {fileID: 0}
    - target: {fileID: -8679921383154817045, guid: 996b44e5e58c7e94ea9abd452bfb3d46, type: 3}
      propertyPath: m_LocalPosition.x
      value: -0
      objectReference: {fileID: 0}
    - target: {fileID: -8679921383154817045, guid: 996b44e5e58c7e94ea9abd452bfb3d46, type: 3}
      propertyPath: m_LocalPosition.y
      value: 0
      objectReference: {fileID: 0}
    - target: {fileID: -8679921383154817045, guid: 996b44e5e58c7e94ea9abd452bfb3d46, type: 3}
      propertyPath: m_LocalPosition.z
      value: 0
      objectReference: {fileID: 0}
    - target: {fileID: -8679921383154817045, guid: 996b44e5e58c7e94ea9abd452bfb3d46, type: 3}
      propertyPath: m_LocalRotation.w
      value: 1
      objectReference: {fileID: 0}
    - target: {fileID: -8679921383154817045, guid: 996b44e5e58c7e94ea9abd452bfb3d46, type: 3}
      propertyPath: m_LocalRotation.x
      value: 0
      objectReference: {fileID: 0}
    - target: {fileID: -8679921383154817045, guid: 996b44e5e58c7e94ea9abd452bfb3d46, type: 3}
      propertyPath: m_LocalRotation.y
      value: -0
      objectReference: {fileID: 0}
    - target: {fileID: -8679921383154817045, guid: 996b44e5e58c7e94ea9abd452bfb3d46, type: 3}
      propertyPath: m_LocalRotation.z
      value: -0
      objectReference: {fileID: 0}
    - target: {fileID: -8679921383154817045, guid: 996b44e5e58c7e94ea9abd452bfb3d46, type: 3}
      propertyPath: m_LocalEulerAnglesHint.x
      value: 0
      objectReference: {fileID: 0}
    - target: {fileID: -8679921383154817045, guid: 996b44e5e58c7e94ea9abd452bfb3d46, type: 3}
      propertyPath: m_LocalEulerAnglesHint.y
      value: 0
      objectReference: {fileID: 0}
    - target: {fileID: -8679921383154817045, guid: 996b44e5e58c7e94ea9abd452bfb3d46, type: 3}
      propertyPath: m_LocalEulerAnglesHint.z
      value: 0
      objectReference: {fileID: 0}
    - target: {fileID: -5477749408508380018, guid: 996b44e5e58c7e94ea9abd452bfb3d46, type: 3}
      propertyPath: m_LocalScale.x
      value: 1
      objectReference: {fileID: 0}
    - target: {fileID: -5477749408508380018, guid: 996b44e5e58c7e94ea9abd452bfb3d46, type: 3}
      propertyPath: m_LocalScale.y
      value: 1
      objectReference: {fileID: 0}
    - target: {fileID: -5477749408508380018, guid: 996b44e5e58c7e94ea9abd452bfb3d46, type: 3}
      propertyPath: m_LocalScale.z
      value: 1
      objectReference: {fileID: 0}
    - target: {fileID: -4683669308469848369, guid: 996b44e5e58c7e94ea9abd452bfb3d46, type: 3}
      propertyPath: m_Materials.Array.data[1]
      value: 
      objectReference: {fileID: 2100000, guid: 56cbd8251b25e264e8c80027bce98905, type: 2}
    - target: {fileID: 919132149155446097, guid: 996b44e5e58c7e94ea9abd452bfb3d46, type: 3}
      propertyPath: m_Name
      value: P1CubeMesh
      objectReference: {fileID: 0}
    m_RemovedComponents: []
  m_SourcePrefab: {fileID: 100100000, guid: 996b44e5e58c7e94ea9abd452bfb3d46, type: 3}
--- !u!4 &5709840935565598140 stripped
Transform:
  m_CorrespondingSourceObject: {fileID: -8679921383154817045, guid: 996b44e5e58c7e94ea9abd452bfb3d46, type: 3}
  m_PrefabInstance: {fileID: 5239893538763864663}
  m_PrefabAsset: {fileID: 0}
